<?xml version="1.0" encoding="UTF-8"?><collection><record><leader>06937ntm a2200613 a 4500</leader><controlfield tag="001">006788827</controlfield><controlfield tag="003">MiAaHDL</controlfield><controlfield tag="005">20190719000000.0</controlfield><controlfield tag="006">m        d        </controlfield><controlfield tag="007">cr bn ---auaua</controlfield><controlfield tag="008">090520q15701633xx            00| ||ara d</controlfield><datafield tag="035" ind1=" " ind2=" "><subfield code="a">(MiU)006788827</subfield></datafield><datafield tag="035" ind1=" " ind2=" "><subfield code="a">sdr-miu006788827</subfield></datafield><datafield tag="040" ind1=" " ind2=" "><subfield code="a">MiU</subfield><subfield code="c">MiU</subfield><subfield code="e">amremm</subfield></datafield><datafield tag="043" ind1=" " ind2=" "><subfield code="a">n-us-mi</subfield></datafield><datafield tag="100" ind1="1" ind2=" "><subfield code="6">880-01</subfield><subfield code="a">Būnī, Aḥmad ibn ʻAlī,</subfield><subfield code="d">-1225.</subfield></datafield><datafield tag="245" ind1="1" ind2="0"><subfield code="6">880-03</subfield><subfield code="a">Mūḍiḥ al-ṭarīq wa-qusṭās al-taḥqīq,</subfield><subfield code="f">[late 16th or early 17th century].</subfield></datafield><datafield tag="246" ind1="3" ind2=" "><subfield code="a">Muwaḍḍiḥ al-ṭarīq wa-qisṭās al-taḥqīq</subfield></datafield><datafield tag="246" ind1="3" ind2=" "><subfield code="6">880-05</subfield><subfield code="a">ʻIlm al-hudá</subfield></datafield><datafield tag="246" ind1="3" ind2=" "><subfield code="6">880-04</subfield><subfield code="a">كتاب علم الهدى واسرار الاهتداء في فهم معنى سلوك اسماء الله الحسنى</subfield></datafield><datafield tag="246" ind1="3" ind2=" "><subfield code="i">Title from opening on p.6:</subfield><subfield code="a">موضحا للطريق وقسطاس التحقيق</subfield></datafield><datafield tag="246" ind1="3" ind2=" "><subfield code="i">Title from inscription on 'title page' (p.5):</subfield><subfield code="a">شرح الاسماء الحسنى</subfield></datafield><datafield tag="246" ind1="3" ind2=" "><subfield code="i">Edge title (tail):</subfield><subfield code="a">شرح اسماء الحسنى</subfield></datafield><datafield tag="260" ind1=" " ind2=" "><subfield code="c">[1570-1633].</subfield></datafield><datafield tag="300" ind1=" " ind2=" "><subfield code="a">140 leaves :</subfield><subfield code="b">paper ;</subfield><subfield code="c">278 x 190 (193 x 117) mm.</subfield></datafield><datafield tag="500" ind1=" " ind2=" "><subfield code="a">Shelfmark: Ann Arbor, University of Michigan, Special Collections Library, Isl. Ms. 534</subfield></datafield><datafield tag="500" ind1=" " ind2=" "><subfield code="a">Origin: Lacks dated colophon though reading / study notice on 'title page' (p.5) may provide a terminus ante quem of 1633 (first part of Muḥarram 1043) ; paper, hand, etc. suggest late 16th or early 17th century.</subfield></datafield><datafield tag="500" ind1=" " ind2=" "><subfield code="a">Accompanying materials: a. Inventory cataloguing slip in hand of Winifred Smeaton Thomas (pp.1-2) -- b. Acquisitions slip from Yahuda (pp.3-4).</subfield></datafield><datafield tag="500" ind1=" " ind2=" "><subfield code="a">Former shelfmark: From interior of upper cover and spine label "IL 179" (likely supplied by Yahuda, see acquisitions slip).</subfield></datafield><datafield tag="500" ind1=" " ind2=" "><subfield code="a">Binding: Pasteboards now covered in shell marbled paper (mainly in blue and brown) with tan leather over spine (quarter binding) and traces of brown leather at edges / turn-ins ; now Type III binding (without flap) ; board linings in untinted wove paper over manuscript 'waste' ; sewn in white or light blue thread, very tightly bound ; worked chevron endbands in turquoise and magenta, quite good condition ; overall in somewhat poor condition with much abrasion, lifting and losses of paper, delaminiation of boards, etc.</subfield></datafield><datafield tag="500" ind1=" " ind2=" "><subfield code="a">Support: European laid paper with 7-8 laid lines per cm. (horizontal), chain lines spaced 29 mm. apart (vertical), anchor in circle watermark with star or leaf above (65 mm. tall, see p.12, etc.), and "Z M" under trefoil countermark (see p.94, 98, etc., compare Ancre inscrite dans un cercle no.83A, pp.5, 92 in Velkov, Les Filigranes dans les documents Ottomans, appearing in a ms. copied in Istanbul, 1588) ; quite well-burnished to glossy, fairly thick and sturdy, dark cream in color.</subfield></datafield><datafield tag="500" ind1=" " ind2=" "><subfield code="a">Decoration: Keywords, section headings and abbreviation symbols rubricated.</subfield></datafield><datafield tag="500" ind1=" " ind2=" "><subfield code="a">Script: Naskh ; elegant, compact 'Syrian' or Turkish hand ; virtually serifless with very slight effect of tilt to the left, mainly curvilinear descenders, pointing mainly in distinct dots (though three dots represented by curved stroke), kāf mashqūqah preferred, some elongation of horizontal strokes and free assimilation of letters.</subfield></datafield><datafield tag="500" ind1=" " ind2=" "><subfield code="a">Layout: Written in 31 lines per page ; frame-ruled.</subfield></datafield><datafield tag="500" ind1=" " ind2=" "><subfield code="a">Collation: 14 V(140) ; exclusively quinions ; catchwords present except mid-quire ; pagination in pencil, Western numerals, supplied during digitization (includes inserts).</subfield></datafield><datafield tag="500" ind1=" " ind2=" "><subfield code="a">Explicit: "ثم يدعوا بهذا الدعاء اللهم يا من بيده مفاتيح الغيوب ... وان يهون على ما اسالك في السلاوك اليك انك جواد كريم رؤوف رحيم فان قدح الله في باطنك القيام ... فاعلم ان اسباب السعادة قد برزت اعلامها ... وان يسر فهمه على كل من طلب قصد"</subfield></datafield><datafield tag="500" ind1=" " ind2=" "><subfield code="a">Incipit: "الحمد لله الذي رسم دقائق الحقائق في لطائف صحف الاسرار واطلع شمس المعرفة من غيب الغيب ضياء للبصائر ... اما بعد ايها الطالبون السالكون القاصدون المحققون لما سأل سائلكم كيف السلوك بحقائق الاسماء وترتيب درجاتها في معارج الارتقاء ... فاجبت سائلكم [؟] بلسانكم ونطق لسان بياني بحقيقة بناتكم علي ان معارف الحقائق قد دثرت [؟] رسومها وانظمت علومها وعدت فهومها لعدم الناصح ... وسميت هذا الكتاب موضحا للطريق وقسطاس التحقيق ..."</subfield></datafield><datafield tag="500" ind1=" " ind2=" "><subfield code="a">Title from inscription on 'title page' (p.5) and opening matter on p.6.</subfield></datafield><datafield tag="500" ind1=" " ind2=" "><subfield code="a">Ms. codex.</subfield></datafield><datafield tag="510" ind1="4" ind2=" "><subfield code="a">Velkov, Asparouh. Les Filigranes dans les documents Ottomans: divers types d'images. Sofia: Éditions "Texte - A. Trayanov", 2005.</subfield></datafield><datafield tag="510" ind1="4" ind2=" "><subfield code="a">Ḥājjī Khalīfah. Kashf al-ẓunūn,</subfield><subfield code="c">vi 259-60, no.13421, and iv 24, no.7463 [v.2 / 1033]</subfield></datafield><datafield tag="510" ind1="4" ind2=" "><subfield code="a">Brockelmann, C. GAL,</subfield><subfield code="c">I 497-8 ; S I 910 (no. 5 and no. 24)</subfield></datafield><datafield tag="520" ind1="8" ind2=" "><subfield code="a">Fine copy of the work on the most beautiful names of God (al-asmāʼ al-ḥusná) attributed to Aḥmad ibn ʻAlī al-Būnī (d.1255). Appears to end abruptly.</subfield></datafield><datafield tag="538" ind1=" " ind2=" "><subfield code="a">Mode of access: Internet.</subfield></datafield><datafield tag="541" ind1=" " ind2=" "><subfield code="a">Acquired in 1926 from the bookseller Isaac Benjamin S.E. Yahuda via purchase transacted on his behalf by Abraham Shalom Yahuda (1877-1951), his younger brother.</subfield></datafield><datafield tag="546" ind1=" " ind2=" "><subfield code="a">Arabic.</subfield></datafield><datafield tag="561" ind1=" " ind2=" "><subfield code="a">Reading / study notice on 'title page' (p.5) in name of Ibrāhim ibn Ṣāliḥ, appears to be dated early Muḥarram 1043 [July 1633] in Ḥalab (Aleppo), reads "طالع فيه فقير عفوه ... عبده المنكسر ... ابراهيم بن صالح المجاور [؟] بالحجازية بحلب المحمية غفر الله له ولوالديه ... ولعمري ان فيه بعض تحريف ... من تصحيف جرى ذلك وحرر في اوائل شهر محرم الحرام من شهور سنة ۴۳ والف هجرة نبوية على مهاجرها الف الف صلاة والف الف تحية" ; former owner's mark on p.279 and p.284 in name of Asım Efendi-zade (عاصم افندى زاده) ; occasional marginal corrections and notabilia (side heads).</subfield></datafield><datafield tag="650" ind1=" " ind2="0"><subfield code="a">Manuscripts, Arabic</subfield><subfield code="z">Michigan</subfield><subfield code="z">Ann Arbor.</subfield></datafield><datafield tag="650" ind1=" " ind2="0"><subfield code="a">God (Islam)</subfield><subfield code="x">Name</subfield><subfield code="v">Early works to 1800.</subfield></datafield><datafield tag="773" ind1="0" ind2=" "><subfield code="a">Yahuda Collection.</subfield></datafield><datafield tag="880" ind1="3" ind2=" "><subfield code="6">246-05/</subfield><subfield code="a">علم الهدى</subfield></datafield><datafield tag="880" ind1="3" ind2=" "><subfield code="6">246-04/</subfield><subfield code="a">Kitāb ʻIlm al-hudá wa-asrār al-ihtidāʼ fī fahm maʻná sulūk asmāʼ Allāh al-ḥusná</subfield></datafield><datafield tag="880" ind1="1" ind2="0"><subfield code="6">245-03/</subfield><subfield code="a">موضح الطريق وقسطاس التحقيق،</subfield><subfield code="f">[اواخر القرن 16 او اوائل القرن 17م].</subfield></datafield><datafield tag="880" ind1="1" ind2=" "><subfield code="6">100-01/</subfield><subfield code="a">بوني، احمد بن علي.</subfield></datafield><datafield tag="CID" ind1=" " ind2=" "><subfield code="a">006788827</subfield></datafield><datafield tag="DAT" ind1="0" ind2=" "><subfield code="a">20190719102635.0</subfield><subfield code="b">20190719000000.0</subfield></datafield><datafield tag="DAT" ind1="1" ind2=" "><subfield code="a">20190719090653.0</subfield><subfield code="b">2019-07-19T16:11:29Z</subfield></datafield><datafield tag="DAT" ind1="2" ind2=" "><subfield code="a">2015-10-02T18:00:03Z</subfield></datafield><datafield tag="CAT" ind1=" " ind2=" "><subfield code="a">SDR-MIU</subfield><subfield code="d">EX LIBRIS - ALEPH</subfield><subfield code="l">prepare.pl-004-008</subfield></datafield><datafield tag="FMT" ind1=" " ind2=" "><subfield code="a">BK</subfield></datafield><datafield tag="HOL" ind1=" " ind2=" "><subfield code="0">sdr-miu006788827</subfield><subfield code="a">MiU</subfield><subfield code="b">SDR</subfield><subfield code="c">MIU</subfield><subfield code="p">mdp.39015079126390</subfield><subfield code="s">MIU</subfield><subfield code="1">006788827</subfield></datafield><datafield tag="974" ind1=" " ind2=" "><subfield code="b">MIU</subfield><subfield code="c">MIU</subfield><subfield code="d">20190719</subfield><subfield code="s">lit-dlps-dc</subfield><subfield code="u">mdp.39015079126390</subfield><subfield code="y">1633</subfield><subfield code="r">pd</subfield><subfield code="q">bib</subfield><subfield code="t">non-US bib date2 &lt; 1896</subfield></datafield></record></collection>